<?xml version="1.0" encoding="UTF-8"?><collection xmlns="http://www.loc.gov/MARC21/slim"><record><leader>00305nam--2200133-i-4500</leader><controlfield tag="001">000048999</controlfield><controlfield tag="002">20161230</controlfield><controlfield tag="005">20161230201047</controlfield><controlfield tag="008">060222s1000------------r-----000-0-eng-d</controlfield><datafield ind1=" " ind2=" " tag="080"><subfield code="a">541.14:539.19</subfield></datafield><datafield ind1=" " ind2=" " tag="245"><subfield code="a">Vozbuzhdenie molekuly</subfield></datafield><datafield ind1=" " ind2=" " tag="260"><subfield code="a">Leningrad, 1982. 260 S</subfield></datafield><datafield ind1=" " ind2=" " tag="700"><subfield code="a">Akimov,I.A</subfield></datafield><datafield ind1=" " ind2=" " tag="852"><subfield code="a">71446</subfield></datafield></record></collection>